%   ****************************************
%   * File: REFERENCES.BIB                 *
%   ****************************************
%   * An invented bib file                 *
%   * For the sample texts                 *
%   * The order is unimportant and there   *
%   * may be more entries than references  *
%   * in the text. Source:                 *
%   * http://tug.ctan.org/tex-archive/macros/latex/contrib/aguplus/sample.bib *
%   ****************************************
% 
@online{Football_Betting_dataset,
    title = {Football-Data.co.uk},  
    year = {2023},
    url = {https://www.football-data.co.uk/data.php},   
    urldate = {1/31/2023}
}
@online{Football_match_data,
    title = {worldfootball.net},  
    year = {2023},
    url = {https://www.worldfootball.net/},   
    urldate = {2/3/2023}
}


@misc{sportforbusinessWorldsMost,
	author = {},
	title = {{T}he {W}orld's {M}ost {W}atched {S}ports - {S}port for {B}usiness --- sportforbusiness.com},
	howpublished = {\url{https://sportforbusiness.com/the-worlds-most-watched-sports/}},
	year = {},
	note = {[Accessed 02-May-2023]},
}

@misc{footballstadiumsFootballClubs,
	author = {},
	title = {{H}ow {D}o {F}ootball {C}lubs {M}ake {M}oney? | {F}ootball-{S}tadiums.co.uk --- football-stadiums.co.uk},
	howpublished = {\url{https://www.football-stadiums.co.uk/articles/how-do-football-clubs-make-money/}},
	year = {},
	note = {[Accessed 02-May-2023]},
}

@online{sportskeeda,
    title = {Sportskeeda},
    year = {2023},
    url = {https://www.sportskeeda.com/football/la-liga-winners},
    urldate = {4/27/2023}
}

